@article{ROSOTON2014275,
title = {The Dirichlet problem for the fractional Laplacian: Regularity up to the boundary},
journal = {Journal de Mathématiques Pures et Appliquées},
volume = {101},
number = {3},
pages = {275-302},
year = {2014},
issn = {0021-7824},
doi = {https://doi.org/10.1016/j.matpur.2013.06.003},
url = {https://www.sciencedirect.com/science/article/pii/S0021782413000895},
author = {Xavier Ros-Oton and Joaquim Serra},
keywords = {Fractional Laplacian, Dirichlet problem, Boundary regularity},
abstract = {We study the regularity up to the boundary of solutions to the Dirichlet problem for the fractional Laplacian. We prove that if u is a solution of (−Δ)su=g in Ω, u≡0 in Rn\Ω, for some s∈(0,1) and g∈L∞(Ω), then u is Cs(Rn) and u/δs|Ω is Cα up to the boundary ∂Ω for some α∈(0,1), where δ(x)=dist(x,∂Ω). For this, we develop a fractional analog of the Krylov boundary Harnack method. Moreover, under further regularity assumptions on g we obtain higher order Hölder estimates for u and u/δs. Namely, the Cβ norms of u and u/δs in the sets {x∈Ω:δ(x)⩾ρ} are controlled by Cρs−β and Cρα−β, respectively. These regularity results are crucial tools in our proof of the Pohozaev identity for the fractional Laplacian (Ros-Oton and Serra, 2012 [19], [20]).
Résumé
On étudie la régularité jusqu'à la frontière des solutions du problème de Dirichlet pour le laplacien fractionnaire. On montre que si u est une solution de (−Δ)su=g dans Ω et u≡0 dans Rn\Ω, avec s∈(0,1) et g∈L∞(Ω), alors u est Cs(Rn) et u/δs|Ω est Cα jusqu'au bord ∂Ω pour un certain α∈(0,1), où δ(x)=dist(x,∂Ω). Pour cela, on met en place une méthode fractionnaire analogue à celle de Krylov pour l'inégalité de Harnack au bord. En outre, sous des hypothèses de régularité supplémentaires sur g, on obtient des estimations de Hölder d'ordre supérieur pour u et u/δs. Plus précisément, la norme Cβ de u (respectivement de u/δs) dans {x∈Ω:δ(x)⩾ρ} est contrôlée par Cρs−β (respectivement par Cρα−β). Ces résultats de régularité sont essentiels dans notre démonstration de l'identité de Pohozaev pour le laplacien fractionnaire (Ros-Oton et Serra, 2012 [19], [20]).}
}


@book {MR473443,
    AUTHOR = {Gilbarg, David and Trudinger, Neil S.},
     TITLE = {Elliptic partial differential equations of second order},
    SERIES = {Grundlehren der Mathematischen Wissenschaften, Vol. 224},
 PUBLISHER = {Springer-Verlag, Berlin-New York},
      YEAR = {1977},
     PAGES = {x+401},
      ISBN = {3-540-08007-4},
   MRCLASS = {35-02 (35J25 35J65)},
  MRNUMBER = {473443},
MRREVIEWER = {O. John},
}

@book{FractionalDynamics,
author = {Tarasov, Vasily},
year = {2011},
month = {10},
pages = {8},
title = {Fractional Dynamics: Application of Fractional Calculus to Dynamics of Particles, Fields and Media},
isbn = {978-3-642-14003-7},
publisher = {Springer Berlin, Heidelberg}
}

@article {MR4043885,
    AUTHOR = {Lischke, Anna and Pang, Guofei and Gulian, Mamikon and et al.},
     TITLE = {What is the fractional {L}aplacian? {A} comparative review
              with new results},
   JOURNAL = {J. Comput. Phys.},
  FJOURNAL = {Journal of Computational Physics},
    VOLUME = {404},
      YEAR = {2020},
     PAGES = {109009, 62},
      ISSN = {0021-9991},
   MRCLASS = {47A05 (26A33 35R11)},
  MRNUMBER = {4043885},
       DOI = {10.1016/j.jcp.2019.109009},
       URL = {https://doi.org/10.1016/j.jcp.2019.109009},
}

@book {LeVequeFiniteDifference,
    AUTHOR = {LeVeque, Randall J.},
     TITLE = {Finite difference methods for ordinary and partial
              differential equations},
      NOTE = {Steady-state and time-dependent problems},
 PUBLISHER = {Society for Industrial and Applied Mathematics (SIAM),
              Philadelphia, PA},
      YEAR = {2007},
     PAGES = {xvi+341},
      ISBN = {978-0-898716-29-0},
   MRCLASS = {65L12 (35A35 65-01 65M06 65N06)},
  MRNUMBER = {2378550},
MRREVIEWER = {G. W. Hedstrom},
       DOI = {10.1137/1.9780898717839},
       URL = {https://doi.org/10.1137/1.9780898717839},
}
		


@article {MR3613319,
    AUTHOR = {Kwa\'{s}nicki, Mateusz},
     TITLE = {Ten equivalent definitions of the fractional {L}aplace
              operator},
   JOURNAL = {Fract. Calc. Appl. Anal.},
  FJOURNAL = {Fractional Calculus and Applied Analysis. An International
              Journal for Theory and Applications},
    VOLUME = {20},
      YEAR = {2017},
    NUMBER = {1},
     PAGES = {7--51},
      ISSN = {1311-0454},
   MRCLASS = {47G30 (35R11 35S05 60J35)},
  MRNUMBER = {3613319},
       DOI = {10.1515/fca-2017-0002},
       URL = {https://doi.org/10.1515/fca-2017-0002},
}





@misc{FMMS22,
      title={Exponential convergence of hp-FEM for the integral fractional Laplacian in 1D}, 
      author={Markus Faustmann and Carlo Marcati and Jens Markus Melenk and Christoph Schwab},
      year={2022},
      eprint={2204.04113},
      archivePrefix={arXiv},
      primaryClass={math.NA}
}

@misc{FMM22,
      title={Exponential Convergence of hp FEM for the Integral Fractional Laplacian in Polygons}, 
      author={Markus Faustmann and Carlo Marcati and Jens Markus Melenk and Christoph Schwab},
      year={2022},
      eprint={2209.11468},
      archivePrefix={arXiv},
      primaryClass={math.NA}
}

@article {FM21,
    AUTHOR = {Faustmann, Markus and Melenk, Jens Markus and Praetorius,
              Dirk},
     TITLE = {Quasi-optimal convergence rate for an adaptive method for the
              integral fractional {L}aplacian},
   JOURNAL = {Math. Comp.},
  FJOURNAL = {Mathematics of Computation},
    VOLUME = {90},
      YEAR = {2021},
    NUMBER = {330},
     PAGES = {1557--1587},
      ISSN = {0025-5718,1088-6842},
   MRCLASS = {65N30 (35R11 65N50)},
  MRNUMBER = {4273109},
       DOI = {10.1090/mcom/3603},
       URL = {https://doi.org/10.1090/mcom/3603},
}

@article {Kwa:17,
    AUTHOR = {Kwa\'{s}nicki, Mateusz},
     TITLE = {Ten equivalent definitions of the fractional {L}aplace
              operator},
   JOURNAL = {Fract. Calc. Appl. Anal.},
  FJOURNAL = {Fractional Calculus and Applied Analysis. An International
              Journal for Theory and Applications},
    VOLUME = {20},
      YEAR = {2017},
    NUMBER = {1},
     PAGES = {7--51},
      ISSN = {1311-0454,1314-2224},
   MRCLASS = {47G30 (35R11 35S05 60J35)},
  MRNUMBER = {3613319},
       DOI = {10.1515/fca-2017-0002},
       URL = {https://doi.org/10.1515/fca-2017-0002},
}

@article {Acosta:17,
    AUTHOR = {Acosta, Gabriel and Borthagaray, Juan Pablo},
     TITLE = {A fractional {L}aplace equation: regularity of solutions and
              finite element approximations},
   JOURNAL = {SIAM J. Numer. Anal.},
  FJOURNAL = {SIAM Journal on Numerical Analysis},
    VOLUME = {55},
      YEAR = {2017},
    NUMBER = {2},
     PAGES = {472--495},
      ISSN = {0036-1429,1095-7170},
   MRCLASS = {65N30 (35B65 35R11 65N12 65N15)},
  MRNUMBER = {3620141},
MRREVIEWER = {Hui\ Yu},
       DOI = {10.1137/15M1033952},
       URL = {https://doi.org/10.1137/15M1033952},
}


@article {BN:23,
    AUTHOR = {\color{red}Borthagaray, Juan Pablo and Nochetto, Ricardo H.},
     TITLE = {Constructive approximation on graded meshes for the integral
              fractional {L}aplacian},
   JOURNAL = {Constr. Approx.},
  FJOURNAL = {Constructive Approximation. An International Journal for
              Approximations and Expansions},
    VOLUME = {57},
      YEAR = {2023\color{black}},
    NUMBER = {2},
     PAGES = {463--487},
      ISSN = {0176-4276,1432-0940},
   MRCLASS = {65N30 (35R11 46E35 65K10)},
  MRNUMBER = {4577390},
MRREVIEWER = {Yadong\ Zhang},
       DOI = {10.1007/s00365-023-09617-5},
       URL = {https://doi.org/10.1007/s00365-023-09617-5},
}

@article {CES:20,
    AUTHOR = {Chen, Minghua and Ekstr\"{o}m, Sven-Erik and Serra-Capizzano,
              Stefano},
     TITLE = {A multigrid method for nonlocal problems: non-diagonally
              dominant or {T}oeplitz-plus-tridiagonal systems},
   JOURNAL = {SIAM J. Matrix Anal. Appl.},
  FJOURNAL = {SIAM Journal on Matrix Analysis and Applications},
    VOLUME = {41},
      YEAR = {2020},
    NUMBER = {4},
     PAGES = {1546--1570},
      ISSN = {0895-4798,1095-7162},
   MRCLASS = {65M55 (15B05 26A33 65T50)},
  MRNUMBER = {4159565},
       DOI = {10.1137/18M1210460},
       URL = {https://doi.org/10.1137/18M1210460},
}

@article {ABBM2018,
    AUTHOR = {Acosta, Gabriel and Borthagaray, Juan Pablo and Bruno, Oscar
              and Maas, Mart\'{\i}n},
     TITLE = {Regularity theory and high order numerical methods for the
              (1{D})-fractional {L}aplacian},
   JOURNAL = {Math. Comp.},
  FJOURNAL = {Mathematics of Computation},
    VOLUME = {87},
      YEAR = {2018},
    NUMBER = {312},
     PAGES = {1821--1857},
      ISSN = {0025-5718,1088-6842},
   MRCLASS = {65R20 (33C45 35B65 35R11)},
  MRNUMBER = {3787393},
MRREVIEWER = {Neville\ J.\ Ford},
       DOI = {10.1090/mcom/3276},
       URL = {https://doi.org/10.1090/mcom/3276},
}

@book {Andreu:10,
    AUTHOR = {Andreu-Vaillo, Fuensanta and Maz\'{o}n, Jos\'{e} M. and Rossi,
              Julio D. and Toledo-Melero, J. Juli\'{a}n},
     TITLE = {Nonlocal diffusion problems},
    SERIES = {Mathematical Surveys and Monographs},
    VOLUME = {165},
 PUBLISHER = {American Mathematical Society, Providence, RI; Real Sociedad
              Matem\'{a}tica Espa\~{n}ola, Madrid},
      YEAR = {2010},
     PAGES = {xvi+256},
      ISBN = {978-0-8218-5230-9},
   MRCLASS = {35-02 (35K55 35R09 47H20 76R50)},
  MRNUMBER = {2722295},
MRREVIEWER = {Alessandro\ Veneziani},
       DOI = {10.1090/surv/165},
       URL = {https://doi.org/10.1090/surv/165},
}

@book {Bertoin:96,
    AUTHOR = {Bertoin, Jean},
     TITLE = {L\'{e}vy processes},
    SERIES = {Cambridge Tracts in Mathematics},
    VOLUME = {121},
 PUBLISHER = {Cambridge University Press, Cambridge},
      YEAR = {1996},
     PAGES = {x+265},
      ISBN = {0-521-56243-0},
   MRCLASS = {60J30 (60J55)},
  MRNUMBER = {1406564},
MRREVIEWER = {Patrick\ Fitzsimmons},
}

@article {CCNWL:20,
    AUTHOR = {Cao, Rongjun and Chen, Minghua and Ng, Michael K. and Wu,
              Yu-Jiang},
     TITLE = {Fast and high-order accuracy numerical methods for
              time-dependent nonlocal problems in {$\Bbb{R}^2$}},
   JOURNAL = {J. Sci. Comput.},
  FJOURNAL = {Journal of Scientific Computing},
    VOLUME = {84},
      YEAR = {2020},
    NUMBER = {1},
     PAGES = {Paper No. 8, 31},
      ISSN = {0885-7474,1573-7691},
   MRCLASS = {65M70 (45K05 65M12 65M22)},
  MRNUMBER = {4118476},
MRREVIEWER = {Youssri\ Hassan\ Youssri},
       DOI = {10.1007/s10915-020-01260-7},
       URL = {https://doi.org/10.1007/s10915-020-01260-7},
}

@article {CES:20,
    AUTHOR = {Chen, Minghua and Ekstr\"{o}m, Sven-Erik and Serra-Capizzano,
              Stefano},
     TITLE = {A multigrid method for nonlocal problems: non-diagonally
              dominant or {T}oeplitz-plus-tridiagonal systems},
   JOURNAL = {SIAM J. Matrix Anal. Appl.},
  FJOURNAL = {SIAM Journal on Matrix Analysis and Applications},
    VOLUME = {41},
      YEAR = {2020},
    NUMBER = {4},
     PAGES = {1546--1570},
      ISSN = {0895-4798,1095-7162},
   MRCLASS = {65M55 (15B05 26A33 65T50)},
  MRNUMBER = {4159565},
       DOI = {10.1137/18M1210460},
       URL = {https://doi.org/10.1137/18M1210460},
}

@article {CD:14,
    AUTHOR = {Chen, Minghua and Deng, Weihua},
     TITLE = {Fourth order accurate scheme for the space fractional
              diffusion equations},
   JOURNAL = {SIAM J. Numer. Anal.},
  FJOURNAL = {SIAM Journal on Numerical Analysis},
    VOLUME = {52},
      YEAR = {2014},
    NUMBER = {3},
     PAGES = {1418--1438},
      ISSN = {0036-1429,1095-7170},
   MRCLASS = {65M06 (26A33 35R11 47J25 65M12)},
  MRNUMBER = {3217217},
MRREVIEWER = {Luis\ Vazquez},
       DOI = {10.1137/130933447},
       URL = {https://doi.org/10.1137/130933447},
}

@article {CQSW:2021,
    AUTHOR = {Chen, Minghua and Qi, Wenya and Shi, Jiankang and Wu, Jiming},
     TITLE = {A sharp error estimate of piecewise polynomial collocation for
              nonlocal problems with weakly singular kernels},
   JOURNAL = {IMA J. Numer. Anal.},
  FJOURNAL = {IMA Journal of Numerical Analysis},
    VOLUME = {41},
      YEAR = {2021},
    NUMBER = {4},
     PAGES = {3145--3174},
      ISSN = {0272-4979,1464-3642},
   MRCLASS = {65R20 (45E10)},
  MRNUMBER = {4328411},
       DOI = {10.1093/imanum/draa054},
       URL = {https://doi.org/10.1093/imanum/draa054},
}

@article {CNR:16,
    AUTHOR = {Chen, Long and Nochetto, Ricardo H. and Ot\'{a}rola, Enrique
              and Salgado, Abner J.},
     TITLE = {Multilevel methods for nonuniformly elliptic operators and
              fractional diffusion},
   JOURNAL = {Math. Comp.},
  FJOURNAL = {Mathematics of Computation},
    VOLUME = {85},
      YEAR = {2016},
    NUMBER = {302},
     PAGES = {2583--2607},
      ISSN = {0025-5718,1088-6842},
   MRCLASS = {65N30 (35R11 35S15 65F10 65N12 65N22 65N55)},
  MRNUMBER = {3522963},
MRREVIEWER = {Marius\ Ghergu},
       DOI = {10.1090/mcom/3089},
       URL = {https://doi.org/10.1090/mcom/3089},
}

@article {CSW:21,
    AUTHOR = {Chen, Hongbin and Sheng, Changtao and Wang, Li-Lian},
     TITLE = {On explicit form of the {FEM} stiffness matrix for the
              integral fractional {L}aplacian on non-uniform meshes},
   JOURNAL = {Appl. Math. Lett.},
  FJOURNAL = {Applied Mathematics Letters. An International Journal of Rapid
              Publication},
    VOLUME = {113},
      YEAR = {2021},
     PAGES = {Paper No. 106864, 8},
      ISSN = {0893-9659,1873-5452},
   MRCLASS = {65N30 (26A33)},
  MRNUMBER = {4173946},
       DOI = {10.1016/j.aml.2020.106864},
       URL = {https://doi.org/10.1016/j.aml.2020.106864},
}

@article {ChSh:20,
    AUTHOR = {Chen, Sheng and Shen, Jie},
     TITLE = {An efficient and accurate numerical method for the spectral
              fractional {L}aplacian equation},
   JOURNAL = {J. Sci. Comput.},
  FJOURNAL = {Journal of Scientific Computing},
    VOLUME = {82},
      YEAR = {2020},
    NUMBER = {1},
     PAGES = {Paper No. 17, 25},
      ISSN = {0885-7474,1573-7691},
   MRCLASS = {65N35 (65M70)},
  MRNUMBER = {4050152},
       DOI = {10.1007/s10915-019-01122-x},
       URL = {https://doi.org/10.1007/s10915-019-01122-x},
}

@article {D'Elia:13,
    AUTHOR = {D'Elia, Marta and Gunzburger, Max},
     TITLE = {The fractional {L}aplacian operator on bounded domains as a
              special case of the nonlocal diffusion operator},
   JOURNAL = {Comput. Math. Appl.},
  FJOURNAL = {Computers \& Mathematics with Applications. An International
              Journal},
    VOLUME = {66},
      YEAR = {2013},
    NUMBER = {7},
     PAGES = {1245--1260},
      ISSN = {0898-1221,1873-7668},
   MRCLASS = {35R11 (26A33)},
  MRNUMBER = {3096457},
       DOI = {10.1016/j.camwa.2013.07.022},
       URL = {https://doi.org/10.1016/j.camwa.2013.07.022},
}

@book {Diet10,
    AUTHOR = {Diethelm, Kai},
     TITLE = {The analysis of fractional differential equations},
    SERIES = {Lecture Notes in Mathematics},
    VOLUME = {2004},
      NOTE = {An application-oriented exposition using differential
              operators of Caputo type},
 PUBLISHER = {Springer-Verlag, Berlin},
      YEAR = {2010},
     PAGES = {viii+247},
      ISBN = {978-3-642-14573-5},
   MRCLASS = {34-02 (26A33 33E12 34A08)},
  MRNUMBER = {2680847},
MRREVIEWER = {Teodor\ M.\ Atanackovi\'{c}},
       DOI = {10.1007/978-3-642-14574-2},
       URL = {https://doi.org/10.1007/978-3-642-14574-2},
}

@article {DixonMcKee86,
    AUTHOR = {Dixon, J. and McKee, S.},
     TITLE = {Weakly singular discrete {G}ronwall inequalities},
   JOURNAL = {Z. Angew. Math. Mech.},
  FJOURNAL = {Zeitschrift f\"{u}r Angewandte Mathematik und Mechanik.
              Ingenieurwissenschaftliche Forschungsarbeiten},
    VOLUME = {66},
      YEAR = {1986},
    NUMBER = {11},
     PAGES = {535--544},
      ISSN = {0044-2267,1521-4001},
   MRCLASS = {26D10 (45E05)},
  MRNUMBER = {880357},
       DOI = {10.1002/zamm.19860661107},
       URL = {https://doi.org/10.1002/zamm.19860661107},
}

@article {Getoor1961,
    AUTHOR = {Getoor, R. K.},
     TITLE = {First passage times for symmetric stable processes in space},
   JOURNAL = {Trans. Amer. Math. Soc.},
  FJOURNAL = {Transactions of the American Mathematical Society},
    VOLUME = {101},
      YEAR = {1961},
     PAGES = {75--90},
      ISSN = {0002-9947,1088-6850},
   MRCLASS = {60.60},
  MRNUMBER = {137148},
MRREVIEWER = {J.\ Elliott},
       DOI = {10.2307/1993412},
       URL = {https://doi.org/10.2307/1993412},
}

@book {HLP1952,
    AUTHOR = {Hardy, G. H. and Littlewood, J. E. and P\'{o}lya, G.},
     TITLE = {Inequalities},
      NOTE = {2d ed.},
 PUBLISHER = {Cambridge, at the University Press},
      YEAR = {1952},
     PAGES = {xii+324},
   MRCLASS = {27.0X},
  MRNUMBER = {46395},
}

@article {HuangO:14,
    AUTHOR = {Huang, Yanghong and Oberman, Adam},
     TITLE = {Numerical methods for the fractional {L}aplacian: a finite
              difference--quadrature approach},
   JOURNAL = {SIAM J. Numer. Anal.},
  FJOURNAL = {SIAM Journal on Numerical Analysis},
    VOLUME = {52},
      YEAR = {2014},
    NUMBER = {6},
     PAGES = {3056--3084},
      ISSN = {0036-1429,1095-7170},
   MRCLASS = {65D25 (65R10)},
  MRNUMBER = {3504596},
MRREVIEWER = {J.\ Kofro\v{n}},
       DOI = {10.1137/140954040},
       URL = {https://doi.org/10.1137/140954040},
}

@article {RosOtonSerra:14,
    AUTHOR = {Ros-Oton, Xavier and Serra, Joaquim},
     TITLE = {The {D}irichlet problem for the fractional {L}aplacian:
              regularity up to the boundary},
   JOURNAL = {J. Math. Pures Appl. (9)},
  FJOURNAL = {Journal de Math\'{e}matiques Pures et Appliqu\'{e}es.
              Neuvi\`eme S\'{e}rie},
    VOLUME = {101},
      YEAR = {2014},
    NUMBER = {3},
     PAGES = {275--302},
      ISSN = {0021-7824,1776-3371},
   MRCLASS = {35R11 (35B65)},
  MRNUMBER = {3168912},
MRREVIEWER = {Kai\ Diethelm},
       DOI = {10.1016/j.matpur.2013.06.003},
       URL = {https://doi.org/10.1016/j.matpur.2013.06.003},
}

@article {Stynes2017,
    AUTHOR = {Stynes, Martin and O'Riordan, Eugene and Gracia, Jos\'{e}
              Luis},
     TITLE = {Error analysis of a finite difference method on graded meshes
              for a time-fractional diffusion equation},
   JOURNAL = {SIAM J. Numer. Anal.},
  FJOURNAL = {SIAM Journal on Numerical Analysis},
    VOLUME = {55},
      YEAR = {2017},
    NUMBER = {2},
     PAGES = {1057--1079},
      ISSN = {0036-1429,1095-7170},
   MRCLASS = {65M06 (35B65 35R11 65M15)},
  MRNUMBER = {3639581},
MRREVIEWER = {Ali\ R.\ Soheili},
       DOI = {10.1137/16M1082329},
       URL = {https://doi.org/10.1137/16M1082329},
}

@book {StyStyBook,
    AUTHOR = {Stynes, Martin and Stynes, David},
     TITLE = {Convection-diffusion problems},
    SERIES = {Graduate Studies in Mathematics},
    VOLUME = {196},
      NOTE = {An introduction to their analysis and numerical solution},
 PUBLISHER = {American Mathematical Society, Providence, RI; Atlantic
              Association for Research in the Mathematical Sciences (AARMS),
              Halifax, NS},
      YEAR = {2018},
     PAGES = {viii+156},
      ISBN = {978-1-4704-4868-4},
   MRCLASS = {65-01 (34-01 35B25 35J25)},
  MRNUMBER = {3839601},
       DOI = {10.1090/gsm/196},
       URL = {https://doi.org/10.1090/gsm/196},
}

@article {Tian:13,
    AUTHOR = {Tian, Xiaochuan and Du, Qiang},
     TITLE = {Analysis and comparison of different approximations to
              nonlocal diffusion and linear peridynamic equations},
      NOTE = {Author name corrected by publisher},
   JOURNAL = {SIAM J. Numer. Anal.},
  FJOURNAL = {SIAM Journal on Numerical Analysis},
    VOLUME = {51},
      YEAR = {2013},
    NUMBER = {6},
     PAGES = {3458--3482},
      ISSN = {0036-1429,1095-7170},
   MRCLASS = {65R20 (45A05 82C21)},
  MRNUMBER = {3143839},
MRREVIEWER = {Fritz\ Keinert},
       DOI = {10.1137/13091631X},
       URL = {https://doi.org/10.1137/13091631X},
}

@article {diagonalVarga1976,
    AUTHOR = {Varga, Richard S.},
     TITLE = {On diagonal dominance arguments for bounding {$\parallel
              A\sp{-1}\parallel \sb{\infty }$}},
   JOURNAL = {Linear Algebra Appl.},
  FJOURNAL = {Linear Algebra and its Applications},
    VOLUME = {14},
      YEAR = {1976},
    NUMBER = {3},
     PAGES = {211--217},
      ISSN = {0024-3795,1873-1856},
   MRCLASS = {15A60 (65F35)},
  MRNUMBER = {447297},
MRREVIEWER = {Ludwig\ Elsner},
       DOI = {10.1016/0024-3795(76)90067-7},
       URL = {https://doi.org/10.1016/0024-3795(76)90067-7},
}

@article {Wang:12,
    AUTHOR = {Wang, Hong and Tian, Hao},
     TITLE = {A fast {G}alerkin method with efficient matrix assembly and
              storage for a peridynamic model},
   JOURNAL = {J. Comput. Phys.},
  FJOURNAL = {Journal of Computational Physics},
    VOLUME = {231},
      YEAR = {2012},
    NUMBER = {23},
     PAGES = {7730--7738},
      ISSN = {0021-9991,1090-2716},
   MRCLASS = {65R20 (74S05)},
  MRNUMBER = {2972865},
MRREVIEWER = {Kai\ Diethelm},
       DOI = {10.1016/j.jcp.2012.06.009},
       URL = {https://doi.org/10.1016/j.jcp.2012.06.009},
}

@article {Zhang:18,
    AUTHOR = {Zhang, Zhijiang and Deng, Weihua and Karniadakis, George Em},
     TITLE = {A {R}iesz basis {G}alerkin method for the tempered fractional
              {L}aplacian},
   JOURNAL = {SIAM J. Numer. Anal.},
  FJOURNAL = {SIAM Journal on Numerical Analysis},
    VOLUME = {56},
      YEAR = {2018},
    NUMBER = {5},
     PAGES = {3010--3039},
      ISSN = {0036-1429,1095-7170},
   MRCLASS = {65N30 (35R11 65F08 65N12)},
  MRNUMBER = {3864686},
MRREVIEWER = {Meiling\ Zhao},
       DOI = {10.1137/17M1151791},
       URL = {https://doi.org/10.1137/17M1151791},
}

@article {ZhangGJ:16,
    AUTHOR = {Zhang, Xiaoping and Gunzburger, Max and Ju, Lili},
     TITLE = {Nodal-type collocation methods for hypersingular integral
              equations and nonlocal diffusion problems},
   JOURNAL = {Comput. Methods Appl. Mech. Engrg.},
  FJOURNAL = {Computer Methods in Applied Mechanics and Engineering},
    VOLUME = {299},
      YEAR = {2016},
     PAGES = {401--420},
      ISSN = {0045-7825,1879-2138},
   MRCLASS = {65R20 (45E10 45F05)},
  MRNUMBER = {3434921},
MRREVIEWER = {Neville\ J.\ Ford},
       DOI = {10.1016/j.cma.2015.11.008},
       URL = {https://doi.org/10.1016/j.cma.2015.11.008},
}

@article {BLN:21,
    AUTHOR = {Borthagaray, Juan Pablo and Leykekhman, Dmitriy and Nochetto,
              Ricardo H.},
     TITLE = {Local energy estimates for the fractional {L}aplacian},
   JOURNAL = {SIAM J. Numer. Anal.},
  FJOURNAL = {SIAM Journal on Numerical Analysis},
    VOLUME = {59},
      YEAR = {2021},
    NUMBER = {4},
     PAGES = {1918--1947},
      ISSN = {0036-1429,1095-7170},
   MRCLASS = {65N30 (35R11 65N15)},
  MRNUMBER = {4283703},
MRREVIEWER = {Beny\ Neta},
       DOI = {10.1137/20M1335509},
       URL = {https://doi.org/10.1137/20M1335509},
}

@article {FKM:22,
    AUTHOR = {Faustmann, Markus and Karkulik, Michael and Melenk, Jens
              Markus},
     TITLE = {Local convergence of the {FEM} for the integral fractional
              {L}aplacian},
   JOURNAL = {SIAM J. Numer. Anal.},
  FJOURNAL = {SIAM Journal on Numerical Analysis},
    VOLUME = {60},
      YEAR = {2022},
    NUMBER = {3},
     PAGES = {1055--1082},
      ISSN = {0036-1429,1095-7170},
   MRCLASS = {65N30 (35R11 65N12 65N15)},
  MRNUMBER = {4420305},
MRREVIEWER = {Abdallah\ Bradji},
       DOI = {10.1137/20M1343853},
       URL = {https://doi.org/10.1137/20M1343853},
}

@article {HW:22,
    AUTHOR = {Han, Rubing and Wu, Shuonan},
     TITLE = {A monotone discretization for integral fractional {L}aplacian
              on bounded {L}ipschitz domains: pointwise error estimates
              under {H}\"{o}lder regularity},
   JOURNAL = {SIAM J. Numer. Anal.},
  FJOURNAL = {SIAM Journal on Numerical Analysis},
    VOLUME = {60},
      YEAR = {2022},
    NUMBER = {6},
     PAGES = {3052--3077},
      ISSN = {0036-1429,1095-7170},
   MRCLASS = {35R11 (65N06 65N12 65N15)},
  MRNUMBER = {4513320},
       DOI = {10.1137/21M1448239},
       URL = {https://doi.org/10.1137/21M1448239},
}

@article {DHZ:18,
    AUTHOR = {Duo, Siwei and van Wyk, Hans Werner and Zhang, Yanzhi},
     TITLE = {A novel and accurate finite difference method for the
              fractional {L}aplacian and the fractional {P}oisson problem},
   JOURNAL = {J. Comput. Phys.},
  FJOURNAL = {Journal of Computational Physics},
    VOLUME = {355},
      YEAR = {2018},
     PAGES = {233--252},
      ISSN = {0021-9991,1090-2716},
   MRCLASS = {65N06 (35R11 65N12 65N15)},
  MRNUMBER = {3738575},
MRREVIEWER = {Abdallah\ Bradji},
       DOI = {10.1016/j.jcp.2017.11.011},
       URL = {https://doi.org/10.1016/j.jcp.2017.11.011},
}

@article {Var:75,
    AUTHOR = {Varah, J. M.},
     TITLE = {A lower bound for the smallest singular value of a matrix},
   JOURNAL = {Linear Algebra Appl.},
  FJOURNAL = {Linear Algebra and its Applications},
    VOLUME = {11},
      YEAR = {1975},
     PAGES = {3--5},
      ISSN = {0024-3795,1873-1856},
   MRCLASS = {15A42},
  MRNUMBER = {371929},
MRREVIEWER = {R.\ S.\ Varga},
       DOI = {10.1016/0024-3795(75)90112-3},
       URL = {https://doi.org/10.1016/0024-3795(75)90112-3},
}

@book {LC:20,
    AUTHOR = {Li, Changpin and Cai, Min},
     TITLE = {Theory and numerical approximations of fractional integrals
              and derivatives},
 PUBLISHER = {Society for Industrial and Applied Mathematics (SIAM),
              Philadelphia, PA},
      YEAR = {[2020] },
     PAGES = {xiii+312},
      ISBN = {978-1-611975-87-1},
   MRCLASS = {65Dxx (26A33)},
  MRNUMBER = {4030088},
}

@article {LPM:20,
    AUTHOR = {\color{red}Lischke, Anna and Pang, Guofei and Gulian, Mamikon and et al.},
     TITLE = {What is the fractional {L}aplacian? {A} comparative review
              with new results},
   JOURNAL = {J. Comput. Phys.},
  FJOURNAL = {Journal of Computational Physics},
    VOLUME = {404},
      YEAR = {2020\color{black}},
     PAGES = {109009, 62},
      ISSN = {0021-9991,1090-2716},
   MRCLASS = {47A05 (26A33 35R11)},
  MRNUMBER = {4043885},
       DOI = {10.1016/j.jcp.2019.109009},
       URL = {https://doi.org/10.1016/j.jcp.2019.109009},
}
@article {MR2584076,
    AUTHOR = {Valdinoci, Enrico},
     TITLE = {From the long jump random walk to the fractional {L}aplacian},
   JOURNAL = {Bol. Soc. Esp. Mat. Apl. SeMA},
  FJOURNAL = {Bolet\'in de la Sociedad Espa\~nola de Matem\'atica Aplicada.
              SeMA},
    NUMBER = {49},
      YEAR = {2009},
     PAGES = {33--44},
      ISSN = {1575-9822},
   MRCLASS = {60G50 (35Q62)},
  MRNUMBER = {2584076},
}


@book {MR2796453,
    AUTHOR = {Tarasov, Vasily E.},
     TITLE = {Fractional dynamics},
    SERIES = {Nonlinear Physical Science},
      NOTE = {Applications of fractional calculus to dynamics of particles,
              fields and media},
 PUBLISHER = {Springer, Heidelberg; Higher Education Press, Beijing},
      YEAR = {2010},
     PAGES = {xvi+504},
      ISBN = {978-3-642-14002-0; 978-7-04-029473-6},
   MRCLASS = {74A25 (26A33 34A08 81S22 82-02)},
  MRNUMBER = {2796453},
MRREVIEWER = {Nick Laskin},
       DOI = {10.1007/978-3-642-14003-7},
       URL = {https://doi.org/10.1007/978-3-642-14003-7},
}

@article {MK:00,
    AUTHOR = {Metzler, Ralf and Klafter, Joseph},
     TITLE = {The random walk's guide to anomalous diffusion: a fractional
              dynamics approach},
   JOURNAL = {Phys. Rep.},
  FJOURNAL = {Physics Reports. A Review Section of Physics Letters},
    VOLUME = {339},
      YEAR = {2000},
    NUMBER = {1},
     PAGES = {77},
      ISSN = {0370-1573},
   MRCLASS = {82C31 (82C70)},
  MRNUMBER = {1809268},
       DOI = {10.1016/S0370-1573(00)00070-3},
       URL = {https://doi.org/10.1016/S0370-1573(00)00070-3},
}

@article {MR2737788,
    AUTHOR = {de Pablo, Arturo and Quir\'{o}s, Fernando and Rodr\'{\i}guez, Ana and
              V\'{a}zquez, Juan Luis},
     TITLE = {A fractional porous medium equation},
   JOURNAL = {Adv. Math.},
  FJOURNAL = {Advances in Mathematics},
    VOLUME = {226},
      YEAR = {2011},
    NUMBER = {2},
     PAGES = {1378--1409},
      ISSN = {0001-8708},
   MRCLASS = {35R11 (35A01 35A02 35B65 35K15 35K57 76S05)},
  MRNUMBER = {2737788},
MRREVIEWER = {Emil Popescu},
       DOI = {10.1016/j.aim.2010.07.017},
       URL = {https://doi.org/10.1016/j.aim.2010.07.017},
}

@article {MR3394445,
    AUTHOR = {Gatto, Paolo and Hesthaven, Jan S.},
     TITLE = {Numerical approximation of the fractional {L}aplacian via
              {$hp$}-finite elements, with an application to image
              denoising},
   JOURNAL = {J. Sci. Comput.},
  FJOURNAL = {Journal of Scientific Computing},
    VOLUME = {65},
      YEAR = {2015},
    NUMBER = {1},
     PAGES = {249--270},
      ISSN = {0885-7474,1573-7691},
   MRCLASS = {94A08 (35R11 65N30)},
  MRNUMBER = {3394445},
       DOI = {10.1007/s10915-014-9959-1},
       URL = {https://doi.org/10.1007/s10915-014-9959-1},
}

@article {Chen:14,
    AUTHOR = {Chen, Minghua and Wang, Yantao and Cheng, Xiao and Deng,
              Weihua},
     TITLE = {Second-order {LOD} multigrid method for multidimensional
              {R}iesz fractional diffusion equation},
   JOURNAL = {BIT},
  FJOURNAL = {BIT. Numerical Mathematics},
    VOLUME = {54},
      YEAR = {2014},
    NUMBER = {3},
     PAGES = {623--647},
      ISSN = {0006-3835},
   MRCLASS = {65M06 (35R11)},
  MRNUMBER = {3259818},
MRREVIEWER = {Giacomo Dimarco},
       DOI = {10.1007/s10543-014-0477-1},
       URL = {https://doi.org/10.1007/s10543-014-0477-1},
}

@article {JX:15,
    AUTHOR = {Jiang, Yingjun and Xu, Xuejun},
     TITLE = {Multigrid methods for space fractional partial differential
              equations},
   JOURNAL = {J. Comput. Phys.},
  FJOURNAL = {Journal of Computational Physics},
    VOLUME = {302},
      YEAR = {2015},
     PAGES = {374--392},
      ISSN = {0021-9991},
   MRCLASS = {65N30 (35R11 65N12 65N55)},
  MRNUMBER = {3404525},
MRREVIEWER = {Dietrich Braess},
       DOI = {10.1016/j.jcp.2015.08.052},
       URL = {https://doi.org/10.1016/j.jcp.2015.08.052},
}

@article {HJWZ:16,
    AUTHOR = {Huang, Can and Jiao, Yujian and Wang, Li-Lian and Zhang,
              Zhimin},
     TITLE = {Optimal fractional integration preconditioning and error
              analysis of fractional collocation method using nodal
              generalized {J}acobi functions},
   JOURNAL = {SIAM J. Numer. Anal.},
  FJOURNAL = {SIAM Journal on Numerical Analysis},
    VOLUME = {54},
      YEAR = {2016},
    NUMBER = {6},
     PAGES = {3357--3387},
      ISSN = {0036-1429},
   MRCLASS = {65L60 (26A33 41A05 41A10 41A25 65E05)},
  MRNUMBER = {3574589},
MRREVIEWER = {Nader El-Khatib},
       DOI = {10.1137/16M1059278},
       URL = {https://doi.org/10.1137/16M1059278},
}


@article {ZW:20,
    AUTHOR = {Zheng, Xiangcheng and Wang, Hong},
     TITLE = {An optimal-order numerical approximation to variable-order
              space-fractional diffusion equations on uniform or graded
              meshes},
   JOURNAL = {SIAM J. Numer. Anal.},
  FJOURNAL = {SIAM Journal on Numerical Analysis},
    VOLUME = {58},
      YEAR = {2020},
    NUMBER = {1},
     PAGES = {330--352},
      ISSN = {0036-1429},
   MRCLASS = {65L20 (35R11 35S15 65L10 65L60 65R20)},
  MRNUMBER = {4052410},
MRREVIEWER = {Gh. Adam},
       DOI = {10.1137/19M1245621},
       URL = {https://doi.org/10.1137/19M1245621},
}


@article {CSW:16,
    AUTHOR = {Chen, Sheng and Shen, Jie and Wang, Li-Lian},
     TITLE = {Generalized {J}acobi functions and their applications to
              fractional differential equations},
   JOURNAL = {Math. Comp.},
  FJOURNAL = {Mathematics of Computation},
    VOLUME = {85},
      YEAR = {2016},
    NUMBER = {300},
     PAGES = {1603--1638},
      ISSN = {0025-5718},
   MRCLASS = {65N35 (26A33 33C70 34A08 35R11 41A10)},
  MRNUMBER = {3471102},
MRREVIEWER = {John A. Loustau},
       DOI = {10.1090/mcom3035},
       URL = {https://doi.org/10.1090/mcom3035},
}

@article {DZZ:19,
    AUTHOR = {Deng, Beichuan and Zhang, Zhimin and Zhao, Xuan},
     TITLE = {Superconvergence points for the spectral interpolation of
              {R}iesz fractional derivatives},
   JOURNAL = {J. Sci. Comput.},
  FJOURNAL = {Journal of Scientific Computing},
    VOLUME = {81},
      YEAR = {2019},
    NUMBER = {3},
     PAGES = {1577--1601},
      ISSN = {0885-7474},
   MRCLASS = {65L60 (26A33 41A05 41A10 65L20)},
  MRNUMBER = {4036962},
MRREVIEWER = {Sanda Micula},
       DOI = {10.1007/s10915-019-01054-6},
       URL = {https://doi.org/10.1007/s10915-019-01054-6},
}

@article {WMHK:19,
    AUTHOR = {Wang, Nan and Mao, Zhiping and Huang, Chengming and
              Karniadakis, George Em},
     TITLE = {A spectral penalty method for two-sided fractional
              differential equations with general boundary conditions},
   JOURNAL = {SIAM J. Sci. Comput.},
  FJOURNAL = {SIAM Journal on Scientific Computing},
    VOLUME = {41},
      YEAR = {2019},
    NUMBER = {3},
     PAGES = {A1840--A1866},
      ISSN = {1064-8275},
   MRCLASS = {65N35 (34A08 65M70)},
  MRNUMBER = {3959547},
MRREVIEWER = {Abdelouahab Kadem},
       DOI = {10.1137/18M1200142},
       URL = {https://doi.org/10.1137/18M1200142},
}



@article {PLK:19,
    AUTHOR = {Pang, Guofei and Lu, Lu and Karniadakis, George Em},
     TITLE = {f{PINN}s: fractional physics-informed neural networks},
   JOURNAL = {SIAM J. Sci. Comput.},
  FJOURNAL = {SIAM Journal on Scientific Computing},
    VOLUME = {41},
      YEAR = {2019},
    NUMBER = {4},
     PAGES = {A2603--A2626},
      ISSN = {1064-8275},
   MRCLASS = {65M99 (35R11 35R30 65M12)},
  MRNUMBER = {3995303},
       DOI = {10.1137/18M1229845},
       URL = {https://doi.org/10.1137/18M1229845},
}


@article {C-N:12,
    AUTHOR = {\c{C}elik, Cem and Duman, Melda},
     TITLE = {Crank-{N}icolson method for the fractional diffusion equation
              with the {R}iesz fractional derivative},
   JOURNAL = {J. Comput. Phys.},
  FJOURNAL = {Journal of Computational Physics},
    VOLUME = {231},
      YEAR = {2012},
    NUMBER = {4},
     PAGES = {1743--1750},
      ISSN = {0021-9991},
   MRCLASS = {65M06 (26A33 35R11 45K05)},
  MRNUMBER = {2876585},
MRREVIEWER = {Fawang Liu},
       DOI = {10.1016/j.jcp.2011.11.008},
       URL = {https://doi.org/10.1016/j.jcp.2011.11.008},
}
	

@article {ChenHighOdr:15,
    AUTHOR = {Chen, Minghua and Deng, Weihua},
     TITLE = {High order algorithms for the fractional substantial diffusion
              equation with truncated {L}\'{e}vy flights},
   JOURNAL = {SIAM J. Sci. Comput.},
  FJOURNAL = {SIAM Journal on Scientific Computing},
    VOLUME = {37},
      YEAR = {2015},
    NUMBER = {2},
     PAGES = {A890--A917},
      ISSN = {1064-8275},
   MRCLASS = {65M06 (26A33 35R11 65M12 65M55 65T50)},
  MRNUMBER = {3336307},
MRREVIEWER = {Luis Vazquez},
       DOI = {10.1137/14097207X},
       URL = {https://doi.org/10.1137/14097207X},
}
	
@article {ChenSecondOdr:14,
    AUTHOR = {Chen, Minghua and Deng, Weihua},
     TITLE = {A second-order numerical method for two-dimensional two-sided
              space fractional convection diffusion equation},
   JOURNAL = {Appl. Math. Model.},
  FJOURNAL = {Applied Mathematical Modelling. Simulation and Computation for
              Engineering and Environmental Systems},
    VOLUME = {38},
      YEAR = {2014},
    NUMBER = {13},
     PAGES = {3244--3259},
      ISSN = {0307-904X},
   MRCLASS = {65M06 (35K57 35R11 65M12)},
  MRNUMBER = {3207518},
       DOI = {10.1016/j.apm.2013.11.043},
       URL = {https://doi.org/10.1016/j.apm.2013.11.043},
}
	

@article {ChenFourth:14,
    AUTHOR = {Chen, Minghua and Deng, Weihua},
     TITLE = {Fourth order accurate scheme for the space fractional
              diffusion equations},
   JOURNAL = {SIAM J. Numer. Anal.},
  FJOURNAL = {SIAM Journal on Numerical Analysis},
    VOLUME = {52},
      YEAR = {2014},
    NUMBER = {3},
     PAGES = {1418--1438},
      ISSN = {0036-1429},
   MRCLASS = {65M06 (26A33 35R11 47J25 65M12)},
  MRNUMBER = {3217217},
MRREVIEWER = {Luis Vazquez},
       DOI = {10.1137/130933447},
       URL = {https://doi.org/10.1137/130933447},
}
		

@article {DLIV:19,
    AUTHOR = {Ding, Hengfei and Li, Changpin},
     TITLE = {High-order algorithms for {R}iesz derivative and their
              applications ({IV})},
   JOURNAL = {Fract. Calc. Appl. Anal.},
  FJOURNAL = {Fractional Calculus and Applied Analysis. An International
              Journal for Theory and Applications},
    VOLUME = {22},
      YEAR = {2019},
    NUMBER = {6},
     PAGES = {1537--1560},
      ISSN = {1311-0454},
   MRCLASS = {65A05 (26A33 65D15 65D25 65M06 65M12)},
  MRNUMBER = {4052962},
       DOI = {10.1515/fca-2019-0080},
       URL = {https://doi.org/10.1515/fca-2019-0080},
}
	
@article {SLYL:21,
    AUTHOR = {She, Zi-Hang and Lao, Cheng-Xue and Yang, Hong and Lin,
              Fu-Rong},
     TITLE = {Banded preconditioners for {R}iesz space fractional diffusion
              equations},
   JOURNAL = {J. Sci. Comput.},
  FJOURNAL = {Journal of Scientific Computing},
    VOLUME = {86},
      YEAR = {2021},
    NUMBER = {3},
     PAGES = {Paper No. 31, 22},
      ISSN = {0885-7474},
   MRCLASS = {65M70 (35Q92 65F08 65F10 65M22)},
  MRNUMBER = {4200959},
       DOI = {10.1007/s10915-020-01398-4},
       URL = {https://doi.org/10.1007/s10915-020-01398-4},
}
		

@article {SLAT:08,
    AUTHOR = {Shen, S. and Liu, F. and Anh, V. and Turner, I.},
     TITLE = {The fundamental solution and numerical solution of the {R}iesz
              fractional advection-dispersion equation},
   JOURNAL = {IMA J. Appl. Math.},
  FJOURNAL = {IMA Journal of Applied Mathematics},
    VOLUME = {73},
      YEAR = {2008},
    NUMBER = {6},
     PAGES = {850--872},
      ISSN = {0272-4960},
   MRCLASS = {65M06 (35A08 35K15 60G50)},
  MRNUMBER = {2461708},
MRREVIEWER = {Xinhua Ji},
       DOI = {10.1093/imamat/hxn033},
       URL = {https://doi.org/10.1093/imamat/hxn033},
}

@article {Sousa:15,
    AUTHOR = {Sousa, Erc\'{\i}lia and Li, Can},
     TITLE = {A weighted finite difference method for the fractional
              diffusion equation based on the {R}iemann-{L}iouville
              derivative},
   JOURNAL = {Appl. Numer. Math.},
  FJOURNAL = {Applied Numerical Mathematics. An IMACS Journal},
    VOLUME = {90},
      YEAR = {2015},
     PAGES = {22--37},
      ISSN = {0168-9274},
   MRCLASS = {65M06 (35K57 35R11 65M12)},
  MRNUMBER = {3300893},
MRREVIEWER = {Luis Vazquez},
       DOI = {10.1016/j.apnum.2014.11.007},
       URL = {https://doi.org/10.1016/j.apnum.2014.11.007},
}
		

@article {Tian:15,
    AUTHOR = {Tian, WenYi and Zhou, Han and Deng, Weihua},
     TITLE = {A class of second order difference approximations for solving
              space fractional diffusion equations},
   JOURNAL = {Math. Comp.},
  FJOURNAL = {Mathematics of Computation},
    VOLUME = {84},
      YEAR = {2015},
    NUMBER = {294},
     PAGES = {1703--1727},
      ISSN = {0025-5718},
   MRCLASS = {65M06 (35R11 65M12)},
  MRNUMBER = {3335888},
MRREVIEWER = {Tore Fl\aa tten},
       DOI = {10.1090/S0025-5718-2015-02917-2},
       URL = {https://doi.org/10.1090/S0025-5718-2015-02917-2},
}
	


@article {YLT:10,
    AUTHOR = {Yang, Q. and Liu, F. and Turner, I.},
     TITLE = {Numerical methods for fractional partial differential
              equations with {R}iesz space fractional derivatives},
   JOURNAL = {Appl. Math. Model.},
  FJOURNAL = {Applied Mathematical Modelling. Simulation and Computation for
              Engineering and Environmental Systems},
    VOLUME = {34},
      YEAR = {2010},
    NUMBER = {1},
     PAGES = {200--218},
      ISSN = {0307-904X},
   MRCLASS = {65M99 (26A33 35R11)},
  MRNUMBER = {2566688},
       DOI = {10.1016/j.apm.2009.04.006},
       URL = {https://doi.org/10.1016/j.apm.2009.04.006},
}
		

@article {ZLLBTA:14,
    AUTHOR = {Zeng, Fanhai and Liu, Fawang and Li, Changpin and Burrage,
              Kevin and Turner, Ian and Anh, V.},
     TITLE = {A {C}rank-{N}icolson {ADI} spectral method for a
              two-dimensional {R}iesz space fractional nonlinear
              reaction-diffusion equation},
   JOURNAL = {SIAM J. Numer. Anal.},
  FJOURNAL = {SIAM Journal on Numerical Analysis},
    VOLUME = {52},
      YEAR = {2014},
    NUMBER = {6},
     PAGES = {2599--2622},
      ISSN = {0036-1429},
   MRCLASS = {65M70 (26A33 35R11 65M12 65M15)},
  MRNUMBER = {3274369},
MRREVIEWER = {Brian Bradie},
       DOI = {10.1137/130934192},
       URL = {https://doi.org/10.1137/130934192},
}


@article {BTY:16,
    AUTHOR = {Bu, Weiping and Tang, Yifa and Yang, Jiye},
     TITLE = {Galerkin finite element method for two-dimensional {R}iesz
              space fractional diffusion equations},
   JOURNAL = {J. Comput. Phys.},
  FJOURNAL = {Journal of Computational Physics},
    VOLUME = {276},
      YEAR = {2014},
     PAGES = {26--38},
      ISSN = {0021-9991},
   MRCLASS = {65M60 (35R11 65M12)},
  MRNUMBER = {3252568},
MRREVIEWER = {Ivana Pultarov\'{a}},
       DOI = {10.1016/j.jcp.2014.07.023},
       URL = {https://doi.org/10.1016/j.jcp.2014.07.023},
}
		

@article {Ervin:18,
    AUTHOR = {Ervin, V. J. and Heuer, N. and Roop, J. P.},
     TITLE = {Regularity of the solution to 1-{D} fractional order diffusion
              equations},
   JOURNAL = {Math. Comp.},
  FJOURNAL = {Mathematics of Computation},
    VOLUME = {87},
      YEAR = {2018},
    NUMBER = {313},
     PAGES = {2273--2294},
      ISSN = {0025-5718},
   MRCLASS = {65N30 (33C45 35B65 35R11 65N12)},
  MRNUMBER = {3802435},
MRREVIEWER = {Andreas Rademacher},
       DOI = {10.1090/mcom/3295},
       URL = {https://doi.org/10.1090/mcom/3295},
}

@article {Deng:08,
    AUTHOR = {Deng, Weihua},
     TITLE = {Finite element method for the space and time fractional
              {F}okker-{P}lanck equation},
   JOURNAL = {SIAM J. Numer. Anal.},
  FJOURNAL = {SIAM Journal on Numerical Analysis},
    VOLUME = {47},
      YEAR = {2008/09},
    NUMBER = {1},
     PAGES = {204--226},
      ISSN = {0036-1429},
   MRCLASS = {65M60 (35K57)},
  MRNUMBER = {2452858},
MRREVIEWER = {Iuliu Sorin Pop},
       DOI = {10.1137/080714130},
       URL = {https://doi.org/10.1137/080714130},
}
	

@article {Min:24,
    AUTHOR = {Chen, Minghua and Deng, Weihua and Min, Chao and Shi, Jiankang
              and Stynes, Martin},
     TITLE = {Error analysis of a collocation method on graded meshes for a
              fractional {L}aplacian problem},
   JOURNAL = {Adv. Comput. Math.},
  FJOURNAL = {Advances in Computational Mathematics},
    VOLUME = {50},
      YEAR = {2024},
    NUMBER = {3},
     PAGES = {Paper No. 49, 27},
      ISSN = {1019-7168},
   MRCLASS = {65R30 (65L10 65L20)},
  MRNUMBER = {4748209},
       DOI = {10.1007/s10444-024-10146-3},
       URL = {https://doi.org/10.1007/s10444-024-10146-3},
}
		
@misc{chen2024erroranalysiscollocationmethod,
      title={Error analysis of a collocation method on graded meshes for nonlocal diffusion problems with weakly singular kernels}, 
      author={Minghua Chen and Chao Min and Jiankang Shi and Jizeng Wang},
      year={2024},
      eprint={2401.17567},
      archivePrefix={arXiv},
      primaryClass={math.NA},
      url={https://arxiv.org/abs/2401.17567}, 
}


@article {MR4787529,
    AUTHOR = {Shi, Jiankang and Chen, Minghua and Cao, Jianxiong},
     TITLE = {High-order {BDF} convolution quadrature for fractional
              evolution equations with hyper-singular source term},
   JOURNAL = {J. Sci. Comput.},
  FJOURNAL = {Journal of Scientific Computing},
    VOLUME = {101},
      YEAR = {2024},
    NUMBER = {1},
     PAGES = {Paper No. 9, 22},
      ISSN = {0885-7474},
   MRCLASS = {65M70 (65M12)},
  MRNUMBER = {4787529},
       DOI = {10.1007/s10915-024-02641-y},
       URL = {https://doi.org/10.1007/s10915-024-02641-y},
}
@article {MR4662768,
    AUTHOR = {Shi, Jiankang and Chen, Minghua},
     TITLE = {High-order {BDF} convolution quadrature for subdiffusion
              models with a singular source term},
   JOURNAL = {SIAM J. Numer. Anal.},
  FJOURNAL = {SIAM Journal on Numerical Analysis},
    VOLUME = {61},
      YEAR = {2023},
    NUMBER = {6},
     PAGES = {2559--2579},
      ISSN = {0036-1429},
   MRCLASS = {65M22 (35R11 65M12)},
  MRNUMBER = {4662768},
MRREVIEWER = {Ye Hu},
       DOI = {10.1137/22M1536704},
       URL = {https://doi.org/10.1137/22M1536704},
}
@article {MR4450105,
    AUTHOR = {Zhou, Han and Tian, Wenyi},
     TITLE = {Two time-stepping schemes for sub-diffusion equations with
              singular source terms},
   JOURNAL = {J. Sci. Comput.},
  FJOURNAL = {Journal of Scientific Computing},
    VOLUME = {92},
      YEAR = {2022},
    NUMBER = {2},
     PAGES = {Paper No. 70, 28},
      ISSN = {0885-7474},
   MRCLASS = {65M60 (35R11 65L12 65M15 65M22)},
  MRNUMBER = {4450105},
MRREVIEWER = {Zhiwei Yang},
       DOI = {10.1007/s10915-022-01914-8},
       URL = {https://doi.org/10.1007/s10915-022-01914-8},
}